@article{tranquillo1992continuum,
	author = {Tranquillo, R. T. and Murray, J. D.},
	date-added = {2023-01-25 06:31:01 +0000},
	date-modified = {2023-01-25 06:31:01 +0000},
	journal = {J. Theor. Biol.},
	number = {2},
	pages = {135--172},
	publisher = {Elsevier},
	title = {Continuum model of fibroblast-driven wound contraction: inflammation-mediation},
	volume = {158},
	year = {1992}}

@article{trmu93,
	author = {Tranquillo, Robert T and Murray, JD},
	date-added = {2023-01-25 06:30:56 +0000},
	date-modified = {2023-01-25 06:30:56 +0000},
	journal = {J. Surg. Res.},
	number = {2},
	pages = {233--247},
	publisher = {Elsevier},
	title = {Mechanistic model of wound contraction},
	volume = {55},
	year = {1993}}

@book{mu07,
	author = {Murray, James D},
	date-added = {2023-01-25 06:30:47 +0000},
	date-modified = {2023-01-25 06:30:47 +0000},
	publisher = {Springer},
	title = {Mathematical Biology: I. An Introduction},
	year = {2007}}

@article{hoffmann2020biomechanical,
	author = {Hoffmann, Erica J and Ponik, Suzanne M},
	date-added = {2023-01-25 06:29:26 +0000},
	date-modified = {2023-01-25 06:29:26 +0000},
	journal = {Frontiers in Oncology},
	pages = {787},
	publisher = {Frontiers Media SA},
	title = {Biomechanical contributions to macrophage activation in the tumor microenvironment},
	volume = {10},
	year = {2020}}

@article{pakshir2019dynamic,
	author = {Pakshir, Pardis and Alizadehgiashi, Moien and Wong, Boaz and Coelho, Nuno Miranda and Chen, Xingyu and Gong, Ze and Shenoy, Vivek B and McCulloch, Christopher A and Hinz, Boris},
	date-added = {2023-01-25 06:28:58 +0000},
	date-modified = {2023-01-25 06:28:58 +0000},
	journal = {Nature communications},
	number = {1},
	pages = {1--17},
	publisher = {Nature Publishing Group},
	title = {Dynamic fibroblast contractions attract remote macrophages in fibrillar collagen matrix},
	volume = {10},
	year = {2019}}

@article{ben2019physics,
	author = {Ben Amar, Martine and Nassoy, Pierre and LeGoff, Loic},
	date-added = {2023-01-25 06:28:15 +0000},
	date-modified = {2023-01-25 06:28:15 +0000},
	journal = {Philosophical Transactions of the Royal Society A},
	number = {2144},
	pages = {20180070},
	publisher = {The Royal Society Publishing},
	title = {Physics of growing biological tissues: the complex cross-talk between cell activity, growth and resistance},
	volume = {377},
	year = {2019}}

@article{ben2015morpho,
	author = {Ben Amar, Martine and Wu, Min and Trejo, Miguel and Atlan, Michael},
	date-added = {2023-01-25 06:26:53 +0000},
	date-modified = {2023-01-25 06:26:53 +0000},
	journal = {Journal of The Royal Society Interface},
	number = {111},
	pages = {20150343},
	publisher = {The Royal Society},
	title = {Morpho-elasticity of inflammatory fibrosis: the case of capsular contracture},
	volume = {12},
	year = {2015}}


@article{villa2021mechanical,
  title={Mechanical models of pattern and form in biological tissues: the role of stress--strain constitutive equations},
  author={Villa, Chiara and Chaplain, Mark AJ and Gerisch, Alf and Lorenzi, Tommaso},
  journal={Bulletin of Mathematical Biology},
  volume={83},
  number={7},
  pages={80},
  year={2021},
  publisher={Springer}
}

@article{cox2021matrix,
  title={The matrix in cancer},
  author={Cox, Thomas R},
  journal={Nature Reviews Cancer},
  volume={21},
  number={4},
  pages={217--238},
  year={2021},
  publisher={Nature Publishing Group UK London}
}

@article{reichardt2021controlling,
  title={Controlling cardiac fibrosis through fibroblast state space modulation},
  author={Reichardt, Isabella M and Robeson, Kalen Z and Regnier, Michael and Davis, Jennifer},
  journal={Cellular signalling},
  volume={79},
  pages={109888},
  year={2021},
  publisher={Elsevier}
}

@article{bartha2022mathematical,
  title={Mathematical investigation into the role of macrophage heterogeneity on the temporal and spatio-temporal dynamics of non-small cell lung cancers},
  author={Bartha, Liza and Eftimie, Raluca},
  journal={Journal of Theoretical Biology},
  volume={549},
  pages={111207},
  year={2022},
  publisher={Elsevier}
}

@article{goren2023probing,
  title={Probing Local Force Propagation in Tensed Fibrous Gels},
  author={Goren, Shahar and Levin, Maayan and Brand, Guy and Lesman, Ayelet and Sorkin, Raya},
  journal={Small},
  volume={19},
  number={4},
  pages={2202573},
  year={2023},
  publisher={Wiley Online Library}
}

@article{moretti2022interplay,
  title={The interplay of fibroblasts, the extracellular matrix, and inflammation in scar formation},
  author={Moretti, Leandro and Stalfort, Jack and Barker, Thomas Harrison and Abebayehu, Daniel},
  journal={Journal of Biological Chemistry},
  volume={298},
  number={2},
  year={2022},
  publisher={ASBMB}
}

@article{gommes2022remodelling,
  title={Remodelling of the fibre-aggregate structure of collagen gels by cancer-associated fibroblasts: a time-resolved grey-tone image analysis based on stochastic modelling},
  author={Gommes, Cedric and Louis, Thomas and Bourgot, Isabelle and Maquoi, Erik and Blacher, Silvia and Noel, Agnes},
  journal={arXiv preprint arXiv:2207.10458},
  year={2022}
}

@article{peng2022comparison,
  title={Comparison between a phenomenological approach and a morphoelasticity approach regarding the displacement of extracellular matrix},
  author={Peng, Qiyao and Gorter, WS and Vermolen, FJ},
  journal={Biomechanics and Modeling in Mechanobiology},
  volume={21},
  number={3},
  pages={919--935},
  year={2022},
  publisher={Springer}
}

@article{peng2020agent,
  title={Agent-based modelling and parameter sensitivity analysis with a finite-element method for skin contraction},
  author={Peng, Qiyao and Vermolen, Fred},
  journal={Biomechanics and Modeling in Mechanobiology},
  volume={19},
  pages={2525--2551},
  year={2020},
  publisher={Springer}
}

@article{kim2023model,
  title={A model for mechanosensitive cell migration in dynamically morphing soft tissues},
  author={Kim, Jaemin and Mailand, Erik and Sakar, Mahmut Selman and Bouklas, Nikolaos},
  journal={Extreme Mechanics Letters},
  volume={58},
  pages={101926},
  year={2023},
  publisher={Elsevier}
}

@article{qin2019biocompatible,
  title={Biocompatible interface-modified tissue engineering chamber reduces capsular contracture and enlarges regenerated adipose tissue},
  author={Qin, Zijin and Chang, Qiang and Lei, Chen and He, Yunfan and Huang, Zhiyong and Xing, Malcolm and Lu, Feng},
  journal={ACS Biomaterials Science \& Engineering},
  volume={5},
  number={7},
  pages={3440--3447},
  year={2019},
  publisher={ACS Publications}
}

@book{murray2003Book,
  title={II. Spatial models and biomedical applications},
  author={Murray, J},
  journal={Mathematical biology. Springer, Berlin},
  year={2003},
  publisher={Springer}
}

@article{khajanchi2021spatiotemporal,
  title={Spatiotemporal dynamics of a glioma immune interaction model},
  author={Khajanchi, Subhas and Nieto, Juan J},
  journal={Scientific Reports},
  volume={11},
  number={1},
  pages={22385},
  year={2021},
  publisher={Nature Publishing Group UK London}
}
@article{owen1997pattern,
  title={Pattern formation and spatiotemporal irregularity in a model for macrophage--tumour interactions},
  author={Owen, Markus R and Sherratt, Jonathan A},
  journal={Journal of theoretical biology},
  volume={189},
  number={1},
  pages={63--80},
  year={1997},
  publisher={Elsevier}
}
@article{gupta2006spatiotemporal,
  title={Spatiotemporal pattern of macrophage recruitment after chronic nerve compression injury},
  author={Gupta, Ranjan and Channual, Jennifer C},
  journal={Journal of neurotrauma},
  volume={23},
  number={2},
  pages={216--226},
  year={2006},
  publisher={Mary Ann Liebert, Inc. 2 Madison Avenue Larchmont, NY 10538 USA}
}

@article{masur1996myofibroblasts,
  title={Myofibroblasts differentiate from fibroblasts when plated at low density.},
  author={Masur, SK and Dewal, HS and Dinh, TT and Erenburg, I and Petridou, S},
  journal={Proceedings of the National Academy of Sciences},
  volume={93},
  number={9},
  pages={4219--4223},
  year={1996},
  publisher={National Acad Sciences}
}

@article{gascard2016carcinoma,
  title={Carcinoma-associated fibroblasts: orchestrating the composition of malignancy},
  author={Gascard, Philippe and Tlsty, Thea D},
  journal={Genes \& development},
  volume={30},
  number={9},
  pages={1002--1019},
  year={2016},
  publisher={Cold Spring Harbor Lab}
}

@book{edelstein2005mathematical,
  title={Mathematical models in biology},
  author={Edelstein-Keshet, Leah},
  year={2005},
  publisher={SIAM}
}

@article{degnim2014immune,
  title={Immune cell quantitation in normal breast tissue lobules with and without lobulitis},
  author={Degnim, Amy C and Brahmbhatt, Rushin D and Radisky, Derek C and Hoskin, Tanya L and Stallings-Mann, Melody and Laudenschlager, Mark and Mansfield, Aaron and Frost, Marlene H and Murphy, Linda and Knutson, Keith and others},
  journal={Breast cancer research and treatment},
  volume={144},
  pages={539--549},
  year={2014},
  publisher={Springer}
}

@article{sun2012normal,
  title={Normal breast tissue of obese women is enriched for macrophage markers and macrophage-associated gene expression},
  author={Sun, Xuezheng and Casbas-Hernandez, Patricia and Bigelow, Carol and Makowski, Liza and Joseph Jerry, D and Smith Schneider, Sallie and Troester, Melissa A},
  journal={Breast cancer research and treatment},
  volume={131},
  pages={1003--1012},
  year={2012},
  publisher={Springer}
}

@article{rutenberg2016uniform,
  title={Uniform spatial distribution of collagen fibril radii within tendon implies local activation of pC-collagen at individual fibrils},
  author={Rutenberg, Andrew D and Brown, Aidan I and Kreplak, Laurent},
  journal={Physical Biology},
  volume={13},
  number={4},
  pages={046008},
  year={2016},
  publisher={IOP Publishing}
}

@article{verzijl2000effect,
  title={Effect of collagen turnover on the accumulation of advanced glycation end products},
  author={Verzijl, Nicole and DeGroot, Jeroen and Thorpe, Suzanne R and Bank, Ruud A and Shaw, J Nikki and Lyons, Timothy J and Bijlsma, Johannes WJ and Lafeber, Floris PJG and Baynes, John W and TeKoppele, Johan M},
  journal={Journal of Biological Chemistry},
  volume={275},
  number={50},
  pages={39027--39031},
  year={2000},
  publisher={ASBMB}
}

@article{hackenberg2020collagen,
  title={Collagen turnover in relation to risk factors and hemodynamics in human intracranial aneurysms},
  author={Hackenberg, Katharina AM and Rajabzadeh-Oghaz, Hamidreza and Dreier, Rita and Buchholz, Bruce A and Navid, Ali and Rocke, David M and Abdulazim, Amr and H{\"a}nggi, Daniel and Siddiqui, Adnan and Macdonald, R Loch and others},
  journal={Stroke},
  volume={51},
  number={5},
  pages={1624--1628},
  year={2020},
  publisher={Am Heart Assoc}
}

@article{risom2022transition,
  title={Transition to invasive breast cancer is associated with progressive changes in the structure and composition of tumor stroma},
  author={Risom, Tyler and Glass, David R and Averbukh, Inna and Liu, Candace C and Baranski, Alex and Kagel, Adam and McCaffrey, Erin F and Greenwald, Noah F and Rivero-Guti{\'e}rrez, Bel{\'e}n and Strand, Siri H and others},
  journal={Cell},
  volume={185},
  number={2},
  pages={299--310},
  year={2022},
  publisher={Elsevier}
}

@article{chen2007alpha,
  title={Alpha-smooth muscle actin expression enhances cell traction force},
  author={Chen, Jianxin and Li, Hongxia and SundarRaj, Nirmala and Wang, James H-C},
  journal={Cell motility and the cytoskeleton},
  volume={64},
  number={4},
  pages={248--257},
  year={2007},
  publisher={Wiley Online Library}
}

@article{thampatty2007new,
  title={A new approach to study fibroblast migration},
  author={Thampatty, Bhavani P and Wang, James H-C},
  journal={Cell Motility and the Cytoskeleton},
  volume={64},
  number={1},
  pages={1--5},
  year={2007},
  publisher={Wiley Online Library}
}

@article{kehm2022comparison,
  title={A comparison of various methods for measuring breast density and breast tissue composition in adolescent girls and women},
  author={Kehm, Rebecca D and Walter, E Jane and Pereira, Ana and White, Melissa L and Oskar, Sabine and Michels, Karin B and Shepherd, John A and Lilge, Lothar and Terry, Mary Beth},
  journal={Scientific Reports},
  volume={12},
  number={1},
  pages={13547},
  year={2022},
  publisher={Nature Publishing Group UK London}
}

@incollection{yang2021quantitative,
  title={Quantitative Analysis of Myofibroblast Contraction Myofibroblast Contractions by Traction Force Microscopy Traction force microscopy},
  author={Yang, Shuying and Valencia, Fernando R and Sabass, Benedikt and Plotnikov, Sergey V},
  booktitle={Myofibroblasts: Methods and Protocols},
  pages={181--195},
  year={2021},
  publisher={Springer}
}
